@Book{Signer2008,
 author    = {Signer, Beat},
 title     = {{Fundamental Concepts for Interactive Paper and Cross-Media Information Spaces}},
 publisher = {Books on Demand GmbH},
 year      = {2008},
 month     = {May}
}

// author: make sure to escape special characters in name
// title: user double brackets and manual capitalisation of tile
// booktile: always use the full year in the short name
   (e.g. CHI 2015 instead of CHI '15)
// pages: use a double dash between page numbers
// address: do not mention state (for locations in the US)

@InProceedings{Jones2005,
 author =    {Jones, William and Phuwanartnurak, Ammy and Gill, Rajdeep and Bruce, Harry},
 title =     {{Don't Take My Folders Away!: Organizing Personal Information to Get Things Done}},
 booktitle = {{Proceedings of CHI 2005, ACM Conference on Human Factors in Computing Systems}},
 pages =     {1505--1508}, 
 address =   {Portland, USA},
 year =      {2005},
 month =     {April}
}

@Article{Whittaker2001,
 author =    {Whittaker, Steve and Hirschberg, Julia},
 title =     {{The Character, Value, and Management of Personal Paper Archives}},
 journal =   {ACM Transactions on Computer-Human Interaction},
 pages =     {150--170},
 volume =    {8},
 number =    {2},
 year =      {2001},
 month =     {June}
}

@article{harborth2017augmented,
	title={Augmented reality in information systems research: a systematic literature review},
	author={Harborth, David},
	year={2017},
	month = {08},
	pages = {1-10}
}

@article{peffers2007design,
	title={A design science research methodology for information systems research},
	author={Peffers, Ken and Tuunanen, Tuure and Rothenberger, Marcus A and Chatterjee, Samir},
	journal={Journal of management information systems},
	volume={24},
	number={3},
	pages={45--77},
	year={2007},
	publisher={Taylor \& Francis}
}

@article{hoenig2015mixed,
	title={Mixed reality for robotics},
	author={Hoenig, Wolfgang and Milanes, Christina and Scaria, Lisa and Phan, Thai and Bolas, Mark and Ayanian, Nora},
	booktitle={Intelligent Robots and Systems (IROS), 2015 IEEE/RSJ International Conference on},
	pages={5382--5387},
	year={2015},
	organization={IEEE}
}

@article{kyto2018pinpointing,
	title={Pinpointing: Precise Head-and Eye-Based Target Selection for Augmented Reality},
	author={Kyt{\"o}, Mikko and Ens, Barrett and Piumsomboon, Thammathip and Lee, Gun A and Billinghurst, Mark},
	booktitle={Proceedings of the 2018 CHI Conference on Human Factors in Computing Systems},
	pages={81},
	year={2018},
	organization={ACM}
}

@article{walton2017accurate,
	title={Accurate real-time occlusion for mixed reality},
	author={Walton, David R and Steed, Anthony},
	booktitle={Proceedings of the 23rd ACM Symposium on Virtual Reality Software and Technology},
	pages={11},
	year={2017},
	organization={ACM}
}

@article{comport2003real,
	title={A real-time tracker for markerless augmented reality},
	author={Comport, Andrew I and Marchand, {\'E}ric and Chaumette, Fran{\c{c}}ois},
	booktitle={Proceedings of the 2nd IEEE/ACM International Symposium on Mixed and Augmented Reality},
	pages={36},
	year={2003},
	organization={IEEE Computer Society}
}

@article{evans2017evaluating,
	title={Evaluating the Microsoft HoloLens through an augmented reality assembly application},
	author={Evans, Gabriel and Miller, Jack and Pena, Mariangely Iglesias and MacAllister, Anastacia and Winer, Eliot},
	booktitle={Degraded Environments: Sensing, Processing, and Display 2017},
	volume={10197},
	pages={101970V},
	year={2017},
	organization={International Society for Optics and Photonics}
}

@article{narzt2006augmented,
  title={Augmented reality navigation systems},
  author={Narzt, Wolfgang and Pomberger, Gustav and Ferscha, Alois and Kolb, Dieter and M{\"u}ller, Reiner and Wieghardt, Jan and H{\"o}rtner, Horst and Lindinger, Christopher},
  journal={Universal Access in the Information Society},
  volume={4},
  number={3},
  pages={177--187},
  year={2006},
  publisher={Springer}
}

@inproceedings{ribo2001new,
  title={A new optical tracking system for virtual and augmented reality applications},
  author={Ribo, Miguel and Pinz, Axel and Fuhrmann, Anton L},
  booktitle={Instrumentation and Measurement Technology Conference, 2001. IMTC 2001. Proceedings of the 18th IEEE},
  volume={3},
  pages={1932--1936},
  year={2001},
  organization={IEEE}
}

@inproceedings{chen2009intuitive,
  title={INTUITIVE AUGMENTED REALITY NAVIGATION SYSTEM DESIGN--IMPLEMENTATION BY NEXT-GENE20 PROJECT},
  author={Chen, Yen-Ling and Hung, Pei-Chien},
  booktitle={International Conference on the Association for Computer-Aided Architectural Design Research in Asia},
  pages={351--360},
  year={2009}
}

@inproceedings{hughes2004augmenting,
  title={Augmenting museum experiences with mixed reality},
  author={Hughes, Charles E and Smith, Eileen and Stapleton, CB and Hughes, Darin E},
  booktitle={Proceedings of KSCE 2004},
  pages={22--24},
  year={2004}
}

@inproceedings{newcombe2011kinectfusion,
  title={KinectFusion: Real-time dense surface mapping and tracking},
  author={Newcombe, Richard A and Izadi, Shahram and Hilliges, Otmar and Molyneaux, David and Kim, David and Davison, Andrew J and Kohi, Pushmeet and Shotton, Jamie and Hodges, Steve and Fitzgibbon, Andrew},
  booktitle={Mixed and augmented reality (ISMAR), 2011 10th IEEE international symposium on},
  pages={127--136},
  year={2011},
  organization={IEEE}
}

@book{dubois2009engineering,
  title={The engineering of mixed reality systems},
  author={Dubois, Emmanuel and Gray, Philip and Nigay, Laurence},
  year={2009},
  publisher={Springer Science \& Business Media}
}
@article{milgram1994taxonomy,
  title={A taxonomy of mixed reality visual displays},
  author={Milgram, Paul and Kishino, Fumio},
  journal={IEICE TRANSACTIONS on Information and Systems},
  volume={77},
  number={12},
  pages={1321--1329},
  year={1994},
  publisher={The Institute of Electronics, Information and Communication Engineers}
}

@inproceedings{gutmann2005real,
  title={Real-time path planning for humanoid robot navigation},
  author={Gutmann, Jens-Steffen and Fukuchi, Masaki and Fujita, Masahiro},
  booktitle={IJCAI},
  pages={1232--1237},
  year={2005}
}
@article{abiyev2015improved,
  title={Improved path-finding algorithm for robot soccers},
  author={Abiyev, Rahib H and Akkaya, Nurullah and Aytac, Ersin and G{\"u}nsel, Irfan and {\c{C}}a{\u{g}}man, Ahmet},
  journal={Journal of Automation and Control Engineering},
  volume={3},
  number={5},
  year={2015}
}

@article{lupu2013survey,
  title={A survey of eye tracking methods and applications},
  author={Lupu, Robert Gabriel and Ungureanu, Florina},
  journal={Buletinul Institutului Politehnic din Iasi, Automatic Control and Computer Science Section},
  volume={3},
  pages={72--86},
  year={2013}
}
@article{liarokapis2007augmented,
  title={An augmented reality interface for visualizing and interacting with virtual content},
  author={Liarokapis, Fotis},
  journal={Virtual Reality},
  volume={11},
  number={1},
  pages={23--43},
  year={2007},
  publisher={Springer}
}
@book{dubois2009engineering,
  title={The engineering of mixed reality systems},
  author={Dubois, Emmanuel and Gray, Philip and Nigay, Laurence},
  year={2009},
  publisher={Springer Science \& Business Media}
}
@inproceedings{kruijff2010perceptual,
  title={Perceptual issues in augmented reality revisited},
  author={Kruijff, Ernst and Swan, J Edward and Feiner, Steven},
  booktitle={Mixed and Augmented Reality (ISMAR), 2010 9th IEEE International Symposium on},
  pages={3--12},
  year={2010},
  organization={IEEE}
}
@article{mestre2006immersion,
  title={Immersion et pr{\'e}sence},
  author={Mestre, Daniel and Fuchs, Philippe and Berthoz, A and Vercher, JL},
  journal={Le trait{\'e} de la r{\'e}alit{\'e} virtuelle. Paris: Ecole des Mines de Paris},
  pages={309--38},
  year={2006}
}
@inproceedings{keller2002toward,
  title={Toward a peer-to-peer shared virtual reality},
  author={Keller, Joaqu{\'\i}n and Simon, Gwendal},
  booktitle={null},
  pages={695},
  year={2002},
  organization={IEEE}
}
@inproceedings{funkhouser1995ring,
  title={RING: A client-server system for multi-user virtual environments},
  author={Funkhouser, Thomas A},
  booktitle={Proceedings of the 1995 symposium on Interactive 3D graphics},
  pages={85--ff},
  year={1995},
  organization={ACM}
}
I 
 
 


