@article{harborth2017augmented,
	title={Augmented reality in information systems research: a systematic literature review},
	author={Harborth, David},
	year={2017}
}

@article{peffers2007design,
	title={A design science research methodology for information systems research},
	author={Peffers, Ken and Tuunanen, Tuure and Rothenberger, Marcus A and Chatterjee, Samir},
	journal={Journal of management information systems},
	volume={24},
	number={3},
	pages={45--77},
	year={2007},
	publisher={Taylor \& Francis}
}

@article{hoenig2015mixed,
	title={Mixed reality for robotics},
	author={Hoenig, Wolfgang and Milanes, Christina and Scaria, Lisa and Phan, Thai and Bolas, Mark and Ayanian, Nora},
	booktitle={Intelligent Robots and Systems (IROS), 2015 IEEE/RSJ International Conference on},
	pages={5382--5387},
	year={2015},
	organization={IEEE}
}

@article{kyto2018pinpointing,
	title={Pinpointing: Precise Head-and Eye-Based Target Selection for Augmented Reality},
	author={Kyt{\"o}, Mikko and Ens, Barrett and Piumsomboon, Thammathip and Lee, Gun A and Billinghurst, Mark},
	booktitle={Proceedings of the 2018 CHI Conference on Human Factors in Computing Systems},
	pages={81},
	year={2018},
	organization={ACM}
}

@article{walton2017accurate,
	title={Accurate real-time occlusion for mixed reality},
	author={Walton, David R and Steed, Anthony},
	booktitle={Proceedings of the 23rd ACM Symposium on Virtual Reality Software and Technology},
	pages={11},
	year={2017},
	organization={ACM}
}

@article{comport2003real,
	title={A real-time tracker for markerless augmented reality},
	author={Comport, Andrew I and Marchand, {\'E}ric and Chaumette, Fran{\c{c}}ois},
	booktitle={Proceedings of the 2nd IEEE/ACM International Symposium on Mixed and Augmented Reality},
	pages={36},
	year={2003},
	organization={IEEE Computer Society}
}

@article{evans2017evaluating,
	title={Evaluating the Microsoft HoloLens through an augmented reality assembly application},
	author={Evans, Gabriel and Miller, Jack and Pena, Mariangely Iglesias and MacAllister, Anastacia and Winer, Eliot},
	booktitle={Degraded Environments: Sensing, Processing, and Display 2017},
	volume={10197},
	pages={101970V},
	year={2017},
	organization={International Society for Optics and Photonics}
}